<?xml version="1.0" encoding="UTF-8"?><record xmlns="http://www.loc.gov/MARC21/slim" xmlns:cinclude="http://apache.org/cocoon/include/1.0" xmlns:zs="http://www.loc.gov/zing/srw/">
  <leader>00793cz  a2200169n  4500</leader>
  <controlfield tag="001">n  82122660 </controlfield>
  <controlfield tag="003">DLC</controlfield>
  <controlfield tag="005">20130315084727.0</controlfield>
  <controlfield tag="008">821127n| azannaabn          |a ana      </controlfield>
  <datafield tag="010" ind1=" " ind2=" ">
    <subfield code="a">n  82122660 </subfield>
  </datafield>
  <datafield tag="035" ind1=" " ind2=" ">
    <subfield code="a">(OCoLC)oca00819001</subfield>
  </datafield>
  <datafield tag="040" ind1=" " ind2=" ">
    <subfield code="a">DLC</subfield>
    <subfield code="b">eng</subfield>
    <subfield code="e">rda</subfield>
    <subfield code="c">DLC</subfield>
    <subfield code="d">DLC</subfield>
    <subfield code="d">OCoLC</subfield>
    <subfield code="d">DLC</subfield>
  </datafield>
  <datafield tag="110" ind1="1" ind2=" ">
    <subfield code="a">Colorado.</subfield>
    <subfield code="b">Department of Education.</subfield>
    <subfield code="b">Office of Department Management Services</subfield>
  </datafield>
  <datafield tag="410" ind1="1" ind2=" ">
    <subfield code="w">nnea</subfield>
    <subfield code="a">Colorado.</subfield>
    <subfield code="b">Dept. of Education.</subfield>
    <subfield code="b">Office of Department Management Services</subfield>
  </datafield>
  <datafield tag="510" ind1="1" ind2=" ">
    <subfield code="w">b</subfield>
    <subfield code="a">Colorado.</subfield>
    <subfield code="b">Department of Education.</subfield>
    <subfield code="b">Office of Management Services</subfield>
  </datafield>
  <datafield tag="510" ind1="1" ind2=" ">
    <subfield code="w">r</subfield>
    <subfield code="i">Hierarchical superior:</subfield>
    <subfield code="a">Colorado.</subfield>
    <subfield code="b">Department of Education</subfield>
  </datafield>
  <datafield tag="670" ind1=" " ind2=" ">
    <subfield code="a">Phone call to Colorado Dept. of Education, 12-10-84</subfield>
    <subfield code="b">(In 1982, the Office of Department Management Services changed its name to Office of Management Services)</subfield>
  </datafield>
</record>